% Encoding: UTF-8

@Article{mccarthy60,
  author    = {McCarthy, John},
  title     = {Recursive functions of symbolic expressions and their computation by machine, Part I},
  journal   = {Communications of the ACM},
  year      = {1960},
  volume    = {3},
  number    = {4},
  pages     = {184--195},
  keywords  = {rank5},
  publisher = {ACM},
}

@Book{armstrong07,
  title     = {Programming Erlang: software for a concurrent world},
  publisher = {Pragmatic Bookshelf},
  year      = {2007},
  author    = {Armstrong, Joe},
  keywords  = {rank5},
}

@Book{lisp1.5,
  title     = {LISP 1.5 programmer's manual},
  publisher = {MIT press},
  year      = {1965},
  author    = {McCarthy, John},
}

@Book{dybvig09scm,
  title     = {The SCHEME programming language},
  publisher = {Mit Press},
  year      = {2009},
  author    = {Dybvig, R Kent},
}

@Book{sicp,
  title     = {Structure and interpretation of computer programs},
  publisher = {Justin Kelly},
  year      = {1996},
  author    = {Abelson, Harold and Sussman, Gerald Jay and Sussman, Julie},
}

@Book{que03,
  title     = {Lisp in small pieces},
  publisher = {Cambridge University Press},
  year      = {2003},
  author    = {Queinnec, Christian},
}

@InProceedings{mccarthy61,
  author       = {McCarthy, John},
  title        = {A basis for a mathematical theory of computation, preliminary report},
  booktitle    = {Papers presented at the May 9-11, 1961, western joint IRE-AIEE-ACM computer conference},
  year         = {1961},
  pages        = {225--238},
  organization = {ACM},
}

@Comment{jabref-meta: databaseType:bibtex;}
